@article{drawings,
  author    = "Robert Tomassia",
  title     = "Orthogonal Drawings with Minimum Number of Bends",
  year      = "1993",
  note      = "Seen on 30th april 2015, http://cs.brown.edu/courses/cs252/misc/resources/lectures/pdf/notes13.pdf"
}
